
@article{TLE,
   author = {Felix R Hoots and Ronald L Roehrich},
   title = {SPACETRACK REPORT NO. 3 Models for Propagation of NORAD Element Sets},
   year = {1980},
   publisher = {U.S. Air Force Aerospace Defense Command}
}


@article{Teets1999,
   author = {Donald Teets and Karen Whitehead},
   doi = {10.2307/2690592},
   issn = {0025570X},
   issue = {2},
   journal = {Mathematics Magazine},
   month = {4},
   pages = {83},
   publisher = {Informa UK Limited},
   title = {The Discovery of Ceres: How Gauss Became Famous},
   volume = {72},
   year = {1999},
}
@article{Branham2005,
   doi = {10.1007/S10569-005-3242-6},
   issn = {1572-9478},
   issue = {1},
   journal = {Celestial Mechanics and Dynamical Astronomy 2005 93:1},
   keywords = {Aerospace Technology and Astronautics,Astrophysics and Astroparticles,Classical Mechanics,Dynamical Systems and Ergodic Theory,Geophysics/Geodesy},
   month = {9},
   pages = {53-68},
   publisher = {Springer},
   title = {Laplacian Orbit Determination and Differential Corrections},
   volume = {93},
   year = {2005},
}

@article{FiftyYears,
author = {Vetter, Jerome},
year = {2007},
month = {01},
title = {Fifty Years of Orbit Determination: Development of Modern Astrodynamics Methods},
volume = {27},
journal = {J. Hopkins Appl. Tech. D}
}

@book{Curtis2013,
   author = {Howard D. Curtis},
   doi = {10.1016/C2011-0-69685-1},
   isbn = {9780080977478},
   journal = {Orbital Mechanics for Engineering Students},
   pages = {238-250},
   publisher = {Elsevier Ltd},
   title = {Orbital Mechanics for Engineering Students},
   year = {2013},
}

@book{CurtisOrbitalElement,
   author = {Howard D. Curtis},
   doi = {10.1016/C2011-0-69685-1},
   isbn = {9780080977478},
   journal = {Orbital Mechanics for Engineering Students},
   pages = {159},
   publisher = {Elsevier Ltd},
   title = {Orbital Mechanics for Engineering Students},
   year = {2013},
}

@book{CurtisWektorStanuWOE,
   author = {Howard D. Curtis},
   doi = {10.1016/C2011-0-69685-1},
   isbn = {9780080977478},
   journal = {Orbital Mechanics for Engineering Students},
   pages = {159-161},
   publisher = {Elsevier Ltd},
   title = {Orbital Mechanics for Engineering Students},
   year = {2013},
}


% Źródło innego typu, np. repozytorium na GitHubie.
@misc{Stellarium,
    title        = "Stellarium - a free open source planetarium for your computer",
    howpublished = "Dostęp zdalny (14.12.2022): \url{https://stellarium.org/}",
    year         = "2022"
}

@misc{Celestrak,
    title        = "CelesTrak: Current GP Element Sets",
    howpublished = "Dostęp zdalny (14.12.2022): \url{https://celestrak.org/NORAD/elements/}",
    year         = "2022"
}

@book{Astronomiczne,
  title={Astronomy Methods: A Physical Approach to Astronomical Observations},
  author={Bradt, H.},
  pages = {34-44},
  isbn={9780521535519},
  lccn={2002041703},
  year={2004},
  publisher={Cambridge University Press}
}